@article {rodenhausen,
    AUTHOR = {Rodenhausen, H.},
     TITLE = {Einstein's relation between diffusion constant and mobility for a diffusion model},
   JOURNAL = {J. Statist. Phys.},
    VOLUME = {55},
      YEAR = {1989},
    NUMBER = {5-6},
     PAGES = {1065--1088},
}

@article{BFLS22,
  author = "Bernard, E. and Fathi, M. and Levitt, A. and Stoltz, G.", title = "Hypocoercivity with {S}chur complements",
  journal = "Annales Henri Lebesgue",
  volume = "5", 
  pages = "523-557",
  year = "2022",
}

@article {CLV08,
    AUTHOR = {Ciccotti, G. and Leli\`evre, T. and Vanden-Eijnden, E.},
     TITLE = {Projection of diffusions on submanifolds: {A}pplication to mean
              force computation},
   JOURNAL = {Comm. Pure Appl. Math.},
    VOLUME = {61},
      YEAR = {2008},
    NUMBER = {3},
     PAGES = {371--408},
}

@book {PavliotisBook,
    AUTHOR = {Pavliotis, G. A.},
     TITLE = {Stochastic Processes and Applications},
    SERIES = {Texts in Applied Mathematics},
    VOLUME = {60},
 PUBLISHER = {Springer, New York},
      YEAR = {2014},
}

% https://doi.org/10.1063/1.4901276
@article{Dobson,
    author = {Dobson, Matthew},
    title = "{Periodic boundary conditions for long-time nonequilibrium molecular dynamics simulations of incompressible flows}",
    journal = {The Journal of Chemical Physics},
    volume = {141},
    number = {18},
    year = {2014},
    pages = {184103},
}
@Book{TD17,
  title = "Nonequilibrium Molecular Dynamics: Theory, Algorithms and Applications",
  author = "Todd, B. D. and Daivis, P. J.",
  publisher = "Cambridge University Press",
  year = "2017",
}

@ARTICLE{TD07,
  author = {Todd, B. D. and Daivis, P. J.},
  title = {Homogeneous non-quilibrium molecular dynamics simulations of viscous flow: {T}echniques and applications},
  journal = {Mol. Sim.},
  year = {2007},
  volume = {33},
  pages = {189-229},
  number = {3}
}

@misc{ds23,
  author = "Darshan, S. and Eberle, A. and Stoltz, G.",
  title = "Sticky coupling as a control variate for sensitivity analysis",
  year = "2023",
  note = "In preparation"
}

@article{ee86,
	title = {Viscous flow in the stress ensemble},
	volume = {59},
	journal = {Molecular Physics},
	author = {Evans, D.J. and Ely, J.F.},
	year = {1986},
    pages = {1043--1048}
}

@article{e93,
	title = {The equivalence of {Norton} and {Thévenin} ensembles},
	volume = {80},
	doi = {10.1080/00268979300102221},
	journal = {Molecular Physics},
	author = {Evans, D.J.},
	year = {1993},
    pages ={221--224}
}

@book{em08,
	title = {Statistical {Mechanics} of {Nonequilibrium} {Liquids}},
	publisher = {Cambridge University Press},
	author = {Evans, D.J. and Morriss, G.},
	year = {2008},
	doi = {10.1017/CBO9780511535307},
}

@article{gms73,
	title = {On the calculation by molecular dynamics of the shear viscosity of a simple fluid},
	volume = {26},
	doi = {10.1080/00268977300102631},
	journal = {Molecular Physics},
	author = {Gosling, E.M. and McDonald, I.R. and Singer, K.},
	year = {1973},
     pages={1475--1484}
}

@article{jps15,
	title = {Langevin {dynamics} with {space}-{time} {periodic} {nonequilibrium} {forcing}},
	volume = {158},
	doi = {10.1007/s10955-014-1118-4},
	journal = {Journal of Statistical Physics},
	author = {Joubaud, R. and Pavliotis, G. A. and Stoltz, G.},
	year = {2015},
    pages ={1--36}
}

@article{js12,
	title = {Nonequilibrium {shear} {viscosity} {computations} with {Langevin} {dynamics}},
	volume = {10},
	doi = {10.1137/110836237},
	journal = {Multiscale Modeling \& Simulation},
	author = {Joubaud, R. and Stoltz, G.},
	year = {2012},
    pages = {191--216}
 
}

@article{em85,
	title = {Equilibrium-fluctuation expression for the resistance of On the local space–time structure of
non-equilibrium steady states of a {Norton} circuit},
	volume = {31},
	doi = {10.1103/PhysRevA.31.3817},
	number = {6},
	journal = {Physical Review A},
	author = {Evans, D.J. and Morriss, G.P.},
	year = {1985},
    pages = {3817--3819}
}


@article{em83,
	title = {The isothermal/isobaric molecular dynamics ensemble},
	volume = {98},
	doi = {10.1016/0375-9601(83)90256-6},
	number = {8},
	journal = {Physics Letters A},
	author = {Evans, D.J. and Morriss, G.P.},
	year = {1983},
    pages = {433--436}
}

@article{ehfml83,
	title = {Nonequilibrium molecular dynamics via {Gauss}'s principle of least constraint},
	volume = {28},
	doi = {10.1103/PhysRevA.28.1016},
	number = {2},
	journal = {Physical Review A},
	author = {Evans, D.J. and Hoover, W.G. and Failor, B.H. and Moran, B. and Ladd, A.J.C.},
	year = {1983},
    pages = {1016--1021}
}


@article{h10,
	title = {A simple framework to justify linear response theory},
	volume = {23},
	doi = {10.1088/0951-7715/23/4/008},
	number = {4},
	journal = {Nonlinearity},
	author = {Hairer, M. and Majda, A.J.},
	year = {2010},
    pages ={909--922}
}

@article{ls16,
	title = {Partial differential equations and stochastic methods in molecular dynamics},
	volume = {25},
	doi = {10.1017/S0962492916000039},
	journal = {Acta Numerica},
	author = {Lelièvre, T. and Stoltz, G.},
	year = {2016},
    pages = {681--880}
}


@article{m53,
	title = {Equation of {state} {calculations} by {fast} {computing} {machines}},
	volume = {21},
	doi = {10.1063/1.1699114},
	number = {6},
	journal = {The Journal of Chemical Physics},
	author = {Metropolis, N. and Rosenbluth, A. W. and Rosenbluth, M.N. and Teller, A.H. and Teller, E.},
	year = {1953},
    pages={1087--1092}
}


@misc{s22,
	title = {Error estimates and variance reduction for nonequilibrium stochastic dynamics},
    note = {\emph{arXiv preprint \bf{2211.10717}}, 2022},
	author = {Stoltz, G.},
    year = 2022,
}


@article{hpc93,
	title = {Thermal heat reservoirs via {Gauss}’ principle of least constraint: {Dissipation}, chaos, and phase‐space dimensionality loss in one‐dimensional chains},
	volume = {3},
	doi = {10.1063/1.165941},
	number = {3},
	journal = {Chaos: An Interdisciplinary Journal of Nonlinear Science},
	author = {Hoover, W.G. and Posch, H.A. and Campbell, L.W.},
	year = {1993},
    pages = {325--332}
}

@article{t15,
	title = {Equivalence and {nonequivalence} of {ensembles}: {thermodynamic}, {macrostate}, and {measure} {levels}},
	volume = {159},
	doi = {10.1007/s10955-015-1212-2},
	number = {5},
	journal = {Journal of Statistical Physics},
	author = {Touchette, H.},
	year = {2015},
    pages = {987--1016}
}

@misc{molly,
    title={Molly},
    author={Greener, J.},
    note={\emph{Github repository: \bf{github.com/JuliaMolSim/Molly.jl}}, 2020}
}

@article{lms16,
   author = "Leimkuhler, B. and Matthews, C. and Stoltz, G.",
   title = "The computation of averages from equilibrium and
nonequilibrium {L}angevin molecular dynamics",
   journal = "IMA J. Numer. Anal.",
   volume = "36",
   number = "1",
   year = "2016",
   pages = {13--79}
}

@article{k87,
	title = {Recurrence and {invariant} {measures} for {degenerate} {diffusions}},
	volume = {15},
	doi = {10.1214/aop/1176992166},
	number = {2},
	journal = {The Annals of Probability},
	author = {Kliemann, W.},
	year = {1987},
    pages = {690--107}
}

@misc{ss23,
  note = {\emph{arXiv preprint \bf{2303.03551}}, 2023},
  author = {Spacek, R. and Stoltz, G.},
  title = {Extending the regime of linear response with synthetic forcings},
}

@article{lrs12,
    journal={Mathematics of Computation},
    volume={81},
    doi = {10.1090/S0025-5718-2012-02594-4},
    title={Langevin dynamics with constraints and computation of free energy differences},
    author = {Leli\`evre, T. and Rousset, M. and Stoltz, G.},
    year = {2012},
    pages = {2071--2125}
}

@book{lrs10,
    title={Free Energy Computations - A Mathematical Perspective},
    author = {Leli\`evre, T. and Rousset, M. and Stoltz, G.},
    year = {2010},
    doi = {10.1142/p579},
    publisher = {Imperial College Press}
    }

@book{lm15,
    title={Molecular Dynamics},
    author ={ Leimkuhler, B. and Matthews, C.},
    year= {2015},
    publisher ={Springer},
    doi={10.1007/978-3-319-16375-8}}

@article{g54,
author = {Green, M.S.},
title = {Markoff random processes and the statistical mechanics of time‐dependent phenomena. {II. I}rreversible processes in fluids},
journal = {The Journal of Chemical Physics},
volume = {22},
number = {3},
year = {1954},
doi = {10.1063/1.1740082},
pages={1281--1295}
}

@article{cj75,
  title = {Direct computation of dynamical response by molecular dynamics: The mobility of a charged {L}ennard-{J}ones particle},
  author = {Ciccotti, G. and Jacucci, G.},
  journal = {Phys. Rev. Lett.},
  volume = {35},
  issue = {12},
  year = {1975},
  doi = {10.1103/PhysRevLett.35.789},
  pages = {789--792}
}

@article{v06,
    AUTHOR = {Villani, C.},
     TITLE = {Hypocoercivity},
   JOURNAL = {Mem. Amer. Math. Soc.},
     VOLUME = {202},
      YEAR = {2009},
    NUMBER = {950},
}

@article{h67,
  title={Hypoelliptic second order differential equations},
  author={H{\"o}rmander, L.},
  year={1967},
  journal={Acta Mathematica},
  volume={119},
  pages={147-171},
}

@book{b20,
  title={Computer Meets Theoretical Physics},
  author={Battimelli, G. and Ciccotti, G. and Greco, P.},
  year={2020},
  publisher={Springer}
}

@article{tt90,
  title={Expansion of the global error for numerical schemes solving stochastic differential equations},
  author={Talay, D. and Tubaro, L.},
  journal={Stochastic analysis and applications},
  volume={8},
  number={4},
  pages={483--509},
  year={1990},
}

@book{at17,
  title={Computer Simulation of Liquids},
  author={Allen, M.P. and Tildesley, D.J.},
  year={2017},
  publisher={Oxford University Press}
}

@book{t10,
  title={Statistical Mechanics: Theory and Molecular Simulation},
  author={Tuckerman, M.},
  year={2010},
  publisher={Oxford University Press}
}

@book{fs01,
  title={Understanding Molecular Simulation: from Algorithms to Applications},
  author={Frenkel, D. and Smit, B.},
  year={2001},
  publisher={Elsevier}
}

@article{cks05,
  title={Non-equilibrium molecular dynamics},
  author={Ciccotti, G. and Kapral, R. and Sergi, A.},
  journal={Handbook of Materials Modeling},
  volume={1},
  pages={1--17},
  year={2005},
  publisher={Springer Berlin}
}

@article{lm13,
  title={Rational construction of stochastic numerical methods for molecular sampling},
  author={Leimkuhler, B. and Matthews, C.},
  journal={Applied Mathematics Research eXpress},
  volume={2013},
  number={1},
  pages={34--56},
  year={2013},
}

@book{b91,
title={From Microphysics to Macrophysics},
author={Balian, R.},
year={1991},
publisher={Springer},
}

@article{mn10,
  doi = {10.1063/1.3274819},
  url = {https://doi.org/10.1063/1.3274819},
  year = {2010},
  volume = {51},
  number = {1},
  author = {Christian, M. and Karel, N.},
  title = {Rigorous meaning of {McLennan} ensembles},
  journal = {Journal of Mathematical Physics},
  pages={015219}
}

@misc{klos22,
  title={On the conversion of work into heat: microscopic models and macroscopic equations},
  author={Komorowski, T. and Lebowitz, J. and Olla, S. and Simon, M.},
  note = {\emph{arXiv preprint \bf{2212.00093}}, 2022}
}


@book{hlw06,
  title={Geometric Numerical Integration: Structure-Preserving Algorithms for Ordinary Differential Equations},
  author={Hairer, E. and Wanner, G. and Lubich, C.},
  year={2006},
  publisher={Springer}
}

@article{rcb77,
  title={Numerical integration of the {C}artesian equations of motion of a system with constraints: molecular dynamics of n-alkanes},
  author={Ryckaert, J.P. and Ciccotti, G. and Berendsen, H.},
  journal={Journal of Computational Physics},
  volume={23},
  number={3},
  pages={327--341},
  year={1977},
}

@article{a83,
  title={{RATTLE}: A “velocity” version of the {SHAKE} algorithm for molecular dynamics calculations},
  author={Andersen, H.},
  journal={Journal of Computational Physics},
  volume={52},
  number={1},
  pages={24--34},
  year={1983},
}

@article{lm13jcp,
  title={Robust and efficient configurational molecular sampling via {L}angevin dynamics},
  author={Leimkuhler, B. and Matthews, C.},
  journal={The Journal of Chemical Physics},
  volume={138},
  number={17},
  year={2013},
  pages ={174102}
}

@phdthesis{r18,
  title = {{Theoretical and {N}umerical {A}nalysis of {N}on-{R}eversible {D}ynamics in {C}omputational {S}tatistical {P}hysics}},
  author = {Roussel, J.},
  url = {https://theses.hal.science/tel-01964722},
  year = {2018},
  school = {Universit\'e Paris-Est}
}

@incollection{rb06,
  title={Ergodic properties of {M}arkov processes},
  author={Rey--Bellet, L.},
  booktitle={Open Quantum Systems II: The Markovian Approach},
  pages={1--39},
  year={2006},
  series={{L}ecture {N}otes in {M}athematics},
  publisher={Springer}
}

@book{vdv00,
  title={Asymptotic Statistics},
  author={Van der Vaart, A.},
  volume={3},
  year={2000},
  publisher={Cambridge University Press}
}

@book{lr04,
  title={Simulating {H}amiltonian {D}ynamics},
  author={Leimkuhler, B. and Reich, S.},
  year={2004},
  publisher={Cambridge University Press}
  }


@article{l07,
  title={On the local space–time structure of non-equilibrium steady states},
  author={Lefevere, R.},
  year={2007},
  journal={Journal of Statistical Mechanics: Theory and Experiment},
  number={P01004}
}

@article{zie00,
title={Nonequilibrium molecular dynamics simulations of heat flow in one-dimensional lattices},
author={Zhang, F. and Isbister, D.J. and Evans, D.J.},
year={2000},
journal={Physical Review E},
volume={61},
number={4},
pages={3541--3546}}
  % ,series ={ Cambridge Monographs on Applied and Computational Mathematics },
  % number={14}
