@article{michel_2014,
  author  = {Michel, M. and Kapfer, S. C. and Krauth, W.},
  title   = {{Generalized event-chain {Monte Carlo}: {C}onstructing rejection-free global-balance algorithms from infinitesimal steps}},
  journal = {The Journal of Chemical Physics},
  volume  = {140},
  number  = {5},
  pages   = {054116},
  year    = {2014}
}


@article{tokdar_2010,
author = {Tokdar, S. T. and Kass, R. E.},
title = {Importance sampling: {A} review},
journal = {WIREs Computational Statistics},
volume = {2},
number = {1},
pages = {54-60},
year = {2010}
}

@article{goodman_2009,
title = {Coupling control variates for {Markov chain Monte Carlo}},
journal = {Journal of Computational Physics},
volume = {228},
number = {19},
pages = {7127-7136},
year = {2009},
issn = {0021-9991},
author = {J. B. Goodman and K. K. Lin},
}

@book{rubinstein_2016,
title = {Simulation and the Monte Carlo Method},
author={R. Y. Rubinstein and D. P. Kroese},
year={2016},
publisher={John Wiley \& Sons}
}

@article{chen_1997,
author = {M.-H. Chen and Q.-M. Shao},
title = {{On Monte Carlo methods for estimating ratios of normalizing constants}},
volume = {25},
journal = {The Annals of Statistics},
number = {4},
publisher = {Institute of Mathematical Statistics},
pages = {1563 -- 1594},
year = {1997},
}

@book{fishman_1996,
title = {Monte Carlo: Concepts, Algorithms, and Applications},
author={G. S. Fishman},
year={1996},
publisher={Springer New York, NY}
}


@book{liu_2008,
author = {Liu, J. S.},
title = {Monte Carlo Strategies in Scientific Computing},
year = {2008},
isbn = {0387763694},
publisher = {Springer Publishing Company, Incorporated},
}

@book{lapeyre_2003,
    author = {Lapeyre, B. and Pardoux, E. and Sentis, R.},
    title = {Introduction to Monte-Carlo Methods for Transport and Diffusion Equations},
    publisher = {Oxford University Press},
    year = {2003},
    isbn = {9780198525929},
}

@article{Caflisch_1998,
title={{Monte Carlo and quasi-Monte Carlo methods}},
volume={7},
journal={Acta Numerica},
author={Caflisch, R. E.},
year={1998},
pages={1–49}
}


@article{carter_1989,
title = {Constrained reaction coordinate dynamics for the simulation of rare events},
journal = {Chemical Physics Letters},
volume = {156},
number = {5},
pages = {472-477},
year = {1989},
issn = {0009-2614},
author = {E. A. Carter and G. Ciccotti and J. T. Hynes and R. Kapral},
}

@article{espanol_1995,
doi = {10.1209/0295-5075/30/4/001},
url = {https://dx.doi.org/10.1209/0295-5075/30/4/001},
year = {1995},
volume = {30},
number = {4},
pages = {191},
author = {P. Español and P. Warren},
title = {Statistical Mechanics of Dissipative Particle Dynamics},
journal = {Europhysics Letters},
}

@article{jardat_1999,
  author  = {Jardat, M.  and Bernard,O.  and Turq, P.  and Kneller, G. R. },
  doi     = {10.1063/1.478703},
  journal = {The Journal of Chemical Physics},
  number  = {16},
  pages   = {7993-7999},
  title   = {Transport coefficients of electrolyte solutions from {Smart} {Brownian} dynamics simulations},
  volume  = {110},
  year    = {1999}
} 

@article{rey-bellet_2016,
  author   = {Rey-Bellet, L. and Spiliopoulos, K.},
  doi      = {10.1007/s10955-016-1565-1},
  fjournal = {Journal of Statistical Physics},
  issn     = {0022-4715},
  journal  = {J. Stat. Phys.},
  mrclass  = {60J25 (60B10 60F10 60J22 60J60)},
  mrnumber = {3519206},
  number   = {3},
  pages    = {472--494},
  title    = {Improving the convergence of reversible samplers},
  url      = {https://doi-org.extranet.enpc.fr/10.1007/s10955-016-1565-1},
  volume   = {164},
  year     = {2016}
}

@article{hoogerbrugge_1992,
doi = {10.1209/0295-5075/19/3/001},
url = {https://dx.doi.org/10.1209/0295-5075/19/3/001},
year = {1992},
title = {Simulating Microscopic Hydrodynamic Phenomena with Dissipative Particle Dynamics},
publisher = {},
volume = {19},
number = {3},
pages = {155},
journal = {Europhysics Letters},
author = {P. J. Hoogerbrugge and J. M. V. A. Koelman},
}

@article{matyushov_1996,
    author = {Matyushov, D. V. and Schmid, R.},
    title = {Calculation of {Lennard‐Jones} energies of molecular fluids},
    journal = {The Journal of Chemical Physics},
    volume = {104},
    number = {21},
    pages = {8627-8638},
    year = {1996},
    issn = {0021-9606},
}

@article{gilson_2002,
  title={Molecular dynamics simulation of dipole interactions},
  author={Gilson, D. R.},
  journal={Department of Physics, Hull University},
  pages={1--43},
  year={2002},
  publisher={Citeseer}
}

@article{kong_2003,
author = {Kong, A. and McCullagh, P. and Meng, X.-L. and Nicolae, D. and Tan, Z.},
title = {A theory of statistical models for {Monte Carlo} integration},
journal = {Journal of the Royal Statistical Society: Series B (Statistical Methodology)},
volume = {65},
number = {3},
pages = {585-604},
year = {2003}
}

@article{meng_1996,
 ISSN = {10170405, 19968507},
 author = {X.-L. Meng and W. H. Wong},
 journal = {Statistica Sinica},
 number = {4},
 pages = {831--860},
 publisher = {Institute of Statistical Science, Academia Sinica},
 title = {SIMULATING RATIOS OF NORMALIZING CONSTANTS VIA A SIMPLE IDENTITY: {A} THEORETICAL EXPLORATION},
 volume = {6},
 year = {1996}
}

@article{tan_2004,
 ISSN = {01621459},
 author = {Z. Tan},
 journal = {Journal of the American Statistical Association},
 number = {468},
 pages = {1027--1036},
 publisher = {[American Statistical Association, Taylor & Francis, Ltd.]},
 title = {On a Likelihood Approach for {Monte Carlo} Integration},
 volume = {99},
 year = {2004}
}

@article{odelius_1993,
title = {Intermolecular Dipole-Dipole Relaxation. {A} Molecular Dynamics Simulation},
journal = {Journal of Magnetic Resonance, Series A},
volume = {105},
number = {3},
pages = {289-294},
year = {1993},
issn = {1064-1858},
author = {M. Odelius and A. Laaksonen and M. H. Levitt and J. Kowalewski},
}

%URL = {https://doi.org/10.1214/aop/1176992166}
@article{kliemann_1987,
author = {W. Kliemann},
title = {Recurrence and Invariant Measures for Degenerate Diffusions},
volume = {15},
journal = {The Annals of Probability},
number = {2},
pages = {690-707},
year = {1987},
}

@incollection{khasminskii_2012_ii,
  author    = {Khasminskii, R.},
  title     = {Ergodic Properties of Solutions of Stochastic Equations},
  booktitle = {{Stochastic Stability of Differential Equations}},
  year      = {2012},
  publisher = {Springer Berlin Heidelberg},
  address   = {Berlin, Heidelberg},
  pages     = {99--144},
  isbn      = {978-3-642-23280-0},
  doi       = {10.1007/978-3-642-23280-0_4},
  url       = {https://doi.org/10.1007/978-3-642-23280-0_4}
}

@incollection{khasminskii_2012_i,
  author    = {Khasminskii, R.},
  title     = {Markov Processes and Stochastic Differential Equations},
  booktitle = {{Stochastic Stability of Differential Equations}},
  year      = {2012},
  publisher = {Springer Berlin Heidelberg},
  address   = {Berlin, Heidelberg},
  pages     = {59--98},
  abstract  = {Properties of the Markov processes defined by the Ito stochastic differential equations (SDE) are studied. In particular conditions for regularity (non-explosion), existence of the stationary and periodic solutions of SDE's are given in the terms of the existence of Lyapunov functions with suitable properties.},
  isbn      = {978-3-642-23280-0},
  doi       = {10.1007/978-3-642-23280-0_3},
  url       = {https://doi.org/10.1007/978-3-642-23280-0_3}
}

@incollection{bellet_2006,
  author    = {Rey-Bellet, L.},
  title     = {{Ergodic Properties of {M}arkov Processes}},
  booktitle = {{Open Quantum Systems II}},
  publisher = {Springer},
  year      = {2006},
  editor    = {Attal, S. and Joye, A. and Pillet, C.-A.},
  volume    = {1881},
  series    = {Lecture Notes in Mathematics},
  pages     = {1-39}
}

@incollection{ikeda_1981,
  title     = {{Chapter IV - Stochastic Differential Equations}},
  author    = {N. Ikeda and S. Watanabe},
  series    = {North-Holland Mathematical Library},
  publisher = {Elsevier},
  volume    = {24},
  pages     = {145-232},
  year      = {1981},
  booktitle = {{Stochastic Differential Equations and Diffusion Processes}},
  issn      = {0924-6509},
  doi       = {https://doi.org/10.1016/S0924-6509(08)70226-5},
  url       = {https://www.sciencedirect.com/science/article/pii/S0924650908702265}
}

@article{lelievre_2025,
      title={Improving sampling by modifying the effective diffusion}, 
      author={T. Lelièvre and R. Santet and G. Stoltz},
      year={2025},
      volume={2410.00525},
      journal={arXiv preprint},
}

@article{cheng_2011,
    author = {Cheng, S. and Lechman, J. B. and Plimpton, S. J. and Grest, G. S.},
    title = {Evaporation of {Lennard--Jones} fluids},
    journal = {The Journal of Chemical Physics},
    volume = {134},
    number = {22},
    pages = {224704},
    year = {2011},
    issn = {0021-9606},
}

@book{evans_morriss_2007,
  title = {Statistical Mechanics of Nonequilibrium Liquids},
  publisher = {Cambridge University Press},
  year = {2008},
  author = {Evans, D. J. and Morriss, G. P.},
}

@article{tee2023,
  title={Constant potential and constrained charge ensembles for simulations of conductive electrodes},
  author={Tee, S. R. and Searles, D. J.},
  journal={Journal of Chemical Theory and Computation},
  volume={19},
  number={10},
  pages={2758--2768},
  year={2023},
  publisher={ACS Publications}
}

@article{sasaki2025,
  title={Constant-Current Nonequilibrium Molecular Dynamics Approach for Accelerated Computation of Ionic Conductivity Including Ion-Ion Correlation},
  author={Sasaki, R. and Tateyama, Y. and Searles, D.J.},
  journal={PRX Energy},
  volume={4},
  number={1},
  pages={013005},
  year={2025},
  publisher={APS}
}


@article{irving_kirkwood_1950,
  title={The statistical mechanical theory of transport processes. {IV}. {T}he equations of hydrodynamics},
  author={Irving, J. H. and Kirkwood, J. G.},
  journal={The Journal of Chemical Physics},
  volume={18},
  number={6},
  pages={817--829},
  year={1950},
  publisher={American Institute of Physics}
}


@article{andradottir_1993,
author = {Andrad\'{o}ttir, S. and Heyman, D. P. and Ott, T. J.},
title = {Variance reduction through smoothing and control variates for {Markov} chain simulations},
year = {1993},
publisher = {Association for Computing Machinery},
address = {New York, NY, USA},
volume = {3},
number = {3},
issn = {1049-3301},
journal = {ACM Trans. Model. Comput. Simul.},
pages = {167–189},
}

@article{henderson_2002,
 ISSN = {0364765X, 15265471},
 author = {S. G. Henderson and P. W. Glynn},
 journal = {Mathematics of Operations Research},
 number = {2},
 pages = {253--271},
 publisher = {INFORMS},
 title = {Approximating Martingales for Variance Reduction in {Markov} Process Simulation},
 volume = {27},
 year = {2002}
}

@book{hammersley_1964,
  title={Monte Carlo Methods},
  author={J. M. Hammersley and D. C. Handscomb},
  year={1964},
  publisher={Springer Dordrecht}
}


@article{Park_2003,
    author = {Park, S. and Sener, M. K. and Lu, D. and Schulten, K.},
    title = {Reaction paths based on mean first-passage times},
    journal = {The Journal of Chemical Physics},
    volume = {119},
    number = {3},
    pages = {1313–1319},
    year = {2003},
    doi = {10.1063/1.1570396},
}

@article{Metzner_2006,
    author = {P. Metzner and C. Schütte and E. Vanden-Eijnden},
    title = {Illustration of transition path theory on a collection of simple examples},
    journal = {J. Chem. Phys.},
    year = {2006},
    volume = {125}, 
    number = {08},
    pages = {084110}, 
    doi = {10.1063/1.2335447},
}

@article{C_rou_2011,
   title={A multiple replica approach to simulate reactive trajectories},
   volume={134},
   ISSN={1089-7690},
   DOI={10.1063/1.3518708},
   number={5},
   journal={The Journal of Chemical Physics},
   publisher={AIP Publishing},
   author={Cérou, F. and Guyader, A. and Lelièvre, T. and Pommier, D.},
   year={2011}
  }

@article{hormander_67,
author = {L. H\"ormander},
title={Hypoelliptic second order differential equations},
journal={Acta Mathematica},
volume={119},
year={1967},
pages={147--171},
}

@book{pavliotis2008multiscale,
  title={Multiscale {M}ethods: {A}veraging and {H}omogenization},
  author={Pavliotis, G. A. and Stuart, A.},
  volume={53},
  series = {Texts in Applied Mathematics},
  year={2008},
  publisher={Springer Science \& Business Media}
}

@article{gastaldello2025dynamical,
    title={Dynamical reweighting for estimation of fluctuation formulas}, 
    author={R. Gastaldello and G. Stoltz and U. Vaes},
    year={2025},
      journal = {arXiv preprint},
      volume = {2504.11968}
}

@article{donati2017girsanov,
  Author = {Donati, L. and Hartmann, C. and Keller, B. G.},
Title = {Girsanov reweighting for path ensembles and {M}arkov state models},
Journal = {Journal of Chemical Physics},
Year = {2017},
Volume = {146},
Number = {24},
pages = {244112}
}

@article{donati2018girsanov,
  title={Girsanov reweighting for metadynamics simulations},
  author={Donati, L. and Keller, B. G.},
  journal={The Journal of Chemical Physics},
  volume={149},
  number={7},
  year={2018},
  publisher={AIP Publishing},
  pages = {072335}
}

@article{chodera2011dynamical,
 Author = {Chodera, J. D. and Swope, W. C. and Noe, F. and Prinz, J.-H. and Shirts, M. R. and Pande, V. S.},
Title = {Dynamical reweighting: {I}mproved estimates of dynamical properties from simulations at multiple temperatures},
Journal = {Journal of Chemical Physics},
Year = {2011},
Volume = {134},
Number = {24},
pages = {244107}
}

@article{glynn2019likelihood,
  title={Likelihood ratio gradient estimation for steady-state parameters},
  author={Glynn, P. W. and Olvera-Cravioto, M.},
  journal={Stochastic Systems},
  volume={9},
  number={2},
  pages={83--100},
  year={2019},
  publisher={INFORMS}
}

@article{wang2019steady,
  title={Steady-state sensitivity analysis of continuous time {M}arkov chains},
  author={Wang, T. and Plechac, P.},
  journal={SIAM Journal on Numerical Analysis},
  volume={57},
  number={1},
  pages={192--217},
  year={2019},
  publisher={SIAM}
}

@article{fathi2017improving,
  title={Improving dynamical properties of metropolized discretizations of overdamped {L}angevin dynamics},
  author={Fathi, M. and Stoltz, G.},
  journal={Numerische Mathematik},
  volume={136},
  pages={545--602},
  year={2017},
  publisher={Springer}
}

@article{lelievre_2012,
  title={Langevin dynamics with constraints and computation of free energy differences},
  author={Lelièvre, T. and Rousset, M. and Stoltz, G.},
  journal={Mathematics of Computation},
  volume={81},
  pages={2071--2125},
  year={2012},
  publisher={Springer}
}

@article{lelievre_2019,
  author   = {Lelièvre, T. and Rousset, M. and Stoltz, G.},
  doi      = {10.1007/s00211-019-01056-4},
  issn     = {0945-3245},
  journal  = {Numerische Mathematik},
  keywords = {REV},
  langid   = {english},
  number   = {2},
  pages    = {379--421},
  title    = {Hybrid {{Monte Carlo}} methods for sampling probability measures on submanifolds},
  volume   = {143},
  year     = {2019}
}

@article{leimkuhler2016computation,
  title={The computation of averages from equilibrium and nonequilibrium {L}angevin molecular dynamics},
  author={Leimkuhler, B. and Matthews, C. and Stoltz, G.},
  journal={IMA Journal of Numerical Analysis},
  volume={36},
  number={1},
  pages={13--79},
  year={2016},
  publisher={Oxford University Press}
}


@article{wang2012,
    author = {Q. Wang and N. Wu},
    title ={Long-Run Covariance and its Applications in Cointegration Regression},
    journal = {The Stata Journal},
    volume = {12},
    number = {3},
    pages = {515-542},
    year = {2012},
    doi = {10.1177/1536867X1201200312}
}


@Article{lu2019,
  author   = {Lu, Y. and Park, J. Y.},
  title    = {Estimation of longrun variance of continuous time stochastic process using discrete sample},
  year     = {2019},
  issn     = {0304-4076,1872-6895},
  number   = {2},
  pages    = {236--267},
  volume   = {210},
  doi      = {10.1016/j.jeconom.2018.04.006},
  journal = {Journal of Econometrics},
  mrclass  = {62M09 (60F17 62G05 62G20 91B84)},
  mrnumber = {3958405},
}

@article{kopec1,
  author = "M. Kopec",
  title = "Weak backward error analysis for {L}angevin process",
  journal = "BIT Numerical Mathematics",
  volume = "55",
  number = "4",
  pages = "1057–1103", 
  year = "2015",
}

@article{kopec2,
 author = {Kopec, M.}, 
 title = {Weak backward error analysis for overdamped Langevin processes},
 year = {2015}, 
 journal = {IMA J. Numer. Anal.},
 volume = {35},
 number = {2},
 pages = {583--614},
}

@article{Talay2002,
  author="D. Talay",
  title="Stochastic {H}amiltonian dissipative systems: exponential convergence to the invariant measure, and discretization by the implicit {E}uler scheme",  
  journal="Markov Proc. Rel. Fields",  
  volume="8", 
  year="2002",
  pages="163--198",
}

@article{Rossky1978,
    author = {Rossky, P. J. and Doll, J. D. and Friedman, H. L.},
    title = {Brownian dynamics as smart {Monte Carlo} simulation},
    journal = {The Journal of Chemical Physics},
    volume = {69},
    year = {1978},
    doi = {10.1063/1.436415},
}

@article{DUANE1987216,
    title = {{Hybrid Monte Carlo}},
    journal = {Physics Letters B},
    volume = {195},
    year = {1987},
    issn = {0370-2693},
    doi = {https://doi.org/10.1016/0370-2693(87)91197-X},
    author = {S. Duane and A. D. Kennedy and B. J. Pendleton and D. Roweth},
}

@article{BK1998,
	title = {Nonlinear Dynamics of the {Frenkel–Kontorova} Model},
	author = {Braun, O. M. and Kivshar, Y. S.},
	year = {1998},
	journaltitle = {Physics Reports},
	shortjournal = {Physics Reports},
	volume = {306},
	number = {1},
	pages = {1--108}
}

@article{Dhar2008,
	title = {Heat Transport in Low-Dimensional Systems},
	author = {Dhar, A.},
	year = {2008},
	journal = {Advances in Physics},
	volume = {57},
	number = {5},
	pages = {457--537}
}

@article{FPU1955,
	title = {Studies of Nonlinear Problems, {{I}}},
	author = {Fermi, E. and Pasta, J. and Ulam, S. M.},
	year = {1955},
	journal = {Los-Alamos Internal Report}
}

@article{GH1985,
	title = {Transport in the {{Frenkel-Kontorova}} Model. {{III}}. {{Thermal}} Conductivity},
	author = {Gillan, M. J. and Holloway, R. W.},
	year = {1985},
	journaltitle = {Journal of Physics C: Solid State Physics},
	shortjournal = {J. Phys. C: Solid State Phys.},
	volume = {18},
	number = {30},
	pages = {5705}
}

@article{GH1985a,
	title = {Transport in the {{Frenkel-Kontorova}} Model. {{II}}. {{The}} Diffusion Coefficient},
	author = {Gillan, M. J. and Holloway, R. W.},
	year = {1985},
	journaltitle = {Journal of Physics C: Solid State Physics},
	shortjournal = {J. Phys. C: Solid State Phys.},
	volume = {18},
	number = {25},
	pages = {4903}
}

@article{Gillan1985,
	title = {Transport in the {{Frenkel-Kontorova}} Model. {{I}}. {{Diffusion}} and Single-Particle Motion},
	author = {Gillan, M. J.},
	year = {1985},
	journaltitle = {Journal of Physics C: Solid State Physics},
	shortjournal = {J. Phys. C: Solid State Phys.},
	volume = {18},
	number = {25},
	pages = {4885}
}

@article{LLP2003,
	title = {Thermal Conduction in Classical Low-Dimensional Lattices},
	author = {Lepri, S. and Livi, R. and Politi, A.},
	year = {2003},
	journal = {Physics Reports},
	volume = {377},
	number = {1},
	pages = {1--80}
}

@incollection{LLP2016,
	title = {Heat Transport in Low Dimensions: {{Introduction}} and Phenomenology},
	shorttitle = {Heat Transport in Low Dimensions},
	booktitle = {Thermal {{Transport}} in {{Low Dimensions}}: {{From Statistical Physics}} to {{Nanoscale Heat Transfer}}},
	author = {Lepri, S. and Livi, R. and Politi, A.},
	editor = {Lepri, S.},
	year = {2016},
	pages = {1--37},
	publisher = {Springer International Publishing},
	location = {Cham}
}

@article{LSP2005,
	title = {The One-Dimensional {Lennard-Jones} System: {C}ollective Fluctuations and Breakdown of Hydrodynamics},
	shorttitle = {The One-Dimensional {Lennard-Jones} System},
	author = {Lepri, S. and Sandri, P. and Politi, A.},
	year = {2005},
	journaltitle = {The European Physical Journal B - Condensed Matter and Complex Systems},
	shortjournal = {Eur. Phys. J. B},
	volume = {47},
	number = {4},
	pages = {549--555}
}

@article{MA1988,
	title = {Thermal Conductivity in a One-Dimensional {Lennard-Jones} Chain by Molecular Dynamics},
	author = {Mareschal, M. and Amellal, A.},
	year = {1988},
	journaltitle = {Physical Review A},
	shortjournal = {Phys. Rev. A},
	volume = {37},
	number = {6},
	pages = {2189--2196}
}

@article{Nakazawa1968,
	title = {Energy Flow in Harmonic Linear Chain},
	author = {Nakazawa, H.},
	year = {1968},
	journaltitle = {Progress of Theoretical Physics},
	shortjournal = {Progress of Theoretical Physics},
	volume = {39},
	number = {1},
	pages = {236--238}
}

@article{RD2008a,
	title = {Heat Transport in Ordered Harmonic Lattices},
	author = {Roy, D. and Dhar, A.},
	year = {2008},
	journaltitle = {Journal of Statistical Physics},
	shortjournal = {J Stat Phys},
	volume = {131},
	number = {3},
	pages = {535--541}
}

@article{RLL1967,
	title = {Properties of a Harmonic Crystal in a Stationary Nonequilibrium State},
	author = {Rieder, Z. and family=Lieb, given=EH, given-i=EH and family=Lebowitz, given=JL, given-i=JL},
	year = {1967},
	journaltitle = {Journal of Mathematical Physics},
	shortjournal = {Journal of Mathematical Physics},
	volume = {8},
	number = {5},
	pages = {1073--1078}
}

@article{Toda1967,
	title = {Vibration of a Chain with Nonlinear Interaction},
	author = {Toda, M.},
	year = {1967},
	journaltitle = {J. Phys. Soc. Jpn.},
	volume = {22},
	pages = {431--436},
	number = {2}
}
@book{Gallavotti2008,
	title = {The {{Fermi-Pasta-Ulam}} Problem: {A} Status Report},
	editor = {Gallavotti, G.},
	year = {2008},
	series = {Lecture Notes in Physics},
	number = {728},
	publisher = {Springer},
	location = {Berlin}
}

@article{IOS2021,
	title = {Thermo-Mechanical Transport in Rotor Chains},
	author = {Iacobucci, A. and Olla, S. and Stoltz, G.},
	journal = {J. Stat. Phys.},
	volume = {183},
	number = {2},
	pages = {26},
	year = {2021}
}

%  DOI: 10.1214/25-EJP1326
@article{KOS2025,
	title = {Heat Flow in a Periodically Forced, Unpinned Thermostatted Chain},
	author = {Komorowski, T. and Olla, S. and Simon, M.},
	journal = {Electron. J. Probab.},
	volume = {30},
	pages = {1-48},
	data = {2025}
}

@online{GKLO2025,
	title = {Convergent {{Power Series}} for {{Anharmonic Chain}} with {{Periodic Forcing}}},
	author = {Garrido, P. L. and Komorowski, T. and Lebowitz, J. L. and Olla, S.},
	year = {2025},
	eprint = {2503.23527},
	eprinttype = {arXiv},
	eprintclass = {math-ph},
	pubstate = {prepublished}
}

@article{KLOS2023,
	title = {On the Conversion of Work into Heat: {M}icroscopic Models and Macroscopic Equations},
	author = {Komorowski, T. and Lebowitz, J. and Olla, S. and Simon, M.},
	year = {2023},
	journaltitle = {Ensaios Mat.},
	volume = {38},
	number = {12}
}

@article{BO2014,
	title = {Hydrodynamic Limit for a {Hamiltonian} System with Boundary Conditions and Conservative Noise},
	author = {Braxmeier-Even, N. and Olla, S.},
	year = {2014},
	journaltitle = {Arch Rational Mech Anal},
	volume = {213},
	number = {2},
	pages = {561--585}
}

@article{BO2011,
	title = {Transport Properties of a Chain of Anharmonic Oscillators with Random Flip of Velocities},
	author = {Bernardin, C. and Olla, S.},
	year = {2011},
	journaltitle = {J. Stat. Phys.},
	volume = {145},
	number = {5},
	pages = {1224--1255}
}

@article{Carmona2007,
	title = {Existence and Uniqueness of an Invariant Measure for a Chain of Oscillators in Contact with Two Heat Baths},
	author = {Carmona, P.},
	year = {2007},
	journaltitle = {Stochastic Processes and their Applications},
	volume = {117},
	pages = {1076--1092}
}

@incollection{Simon2015,
	title = {Diffusion Coefficient for the Disordered Harmonic Chain Perturbed by an Energy Conserving Noise},
	booktitle = {From Particle Systems to Partial Differential Equations II},
	author = {Simon, M.},
	editor = {Gonçalves, P. and Soares, A. J.},
	year = {2015},
	volume = {129},
	pages = {355--370},
	publisher = {Springer International Publishing},
}

% diatomic lattices
@article{Vainchtein2022,
	title = {Solitary Waves in {{FPU-type}} Lattices},
	author = {Vainchtein, A.},
	year = {2022},
	journal = {Physica D: Nonlinear Phenomena},
	volume = {434},
	pages = {133252}
}

@article{DYZ+2025,
	title = {\(q\)-{{Breathers}} in the Diatomic \(\beta\)-{{Fermi}}\-–{{Pasta}}\-–{{Ulam}}\-–{{Tsingou}} Chains},
	author = {Deng, L. and Yu, H. and Zhu, Z. and Fu, W. and Wang, Y. and Huang, L.},
	year = {2025},
	journaltitle = {New J. Phys.},
	volume = {27},
	number = {3},
	pages = {033010}
}

@InCollection{CDK+2003,
  author="E. Canc\`es and M. Defranceschi and W. Kutzelnigg and C. {Le Bris} and Y. Maday",
  title="Computational Quantum Chemistry: {A} Primer", 
  booktitle="Handbook of Numerical Analysis (Special Volume on Computational Chemistry)", 
  volume="X", 
  editor="P. G. Ciarlet and C. {Le Bris}",
  publisher="Elsevier", 
  year="2003", 
  pages="3-270",
}

@article{JMA+2025,
	title = {A Practical Guide to Machine Learning Interatomic Potentials – {{Status}} and Future},
	author = {Jacobs, R. and Morgan, D. and Attarian, S. and Meng, J. and Shen, C. and Wu, Z. and Xie, C. Y. and Yang, J. H. and Artrith, N. and Blaiszik, B. and Ceder, G. and Choudhary, K. and Csanyi, G. and Cubuk, E. D. and Deng, B. and Drautz, R. and Fu, X. and Godwin, J. and Honavar, V. and Isayev, O. and Johansson, A. and Kozinsky, B. and Martiniani, S. and Ong, S. P. and Poltavsky, I. and Schmidt, K. J. and Takamoto, S. and Thompson, A. P. and Westermayr, J. and Wood, B. M.},
	year = {2025},
	journal = {Current Opinion in Solid State and Materials Science},
	volume = {35},
	pages = {101214}
}

@article{GKL+2024,
	title = {On the Behaviour of a Periodically Forced and Thermostatted Harmonic Chain},
	author = {Garrido, P. L. and Komorowski, T. and Lebowitz, J. L. and Olla, S.},
	year = {2024},
	journaltitle = {J Stat Phys},
	volume = {191},
	number = {2},
	pages = {30}
}

% Thermal transport
@article{WTZ+2007,
	title = {Length-Dependent Thermal Conductivity of Single-Wall Carbon Nanotubes: {P}rediction and Measurements},
	shorttitle = {Length-Dependent Thermal Conductivity of Single-Wall Carbon Nanotubes},
	author = {Wang, Z. and Tang, D. and Zheng, X. and Zhang, W. and Zhu, Y.},
	year = {2007},
	journaltitle = {Nanotechnology},
	volume = {18},
	number = {47},
	pages = {475714}
}

@article{COG+2008,
	title = {Breakdown of {{Fourier}}’s Law in Nanotube Thermal Conductors},
	author = {Chang, C. W. and Okawa, D. and Garcia, H. and Majumdar, A. and Zettl, A.},
	year = {2008},
	journaltitle = {Physical Review Letters},
	volume = {101},
	number = {7}
}

@article{KO2017,
	title = {Diffusive Propagation of Energy in a Non-acoustic Chain},
	author = {Komorowski, T. and Olla, S.},
	year = {2017},
	journaltitle = {Archive for Rational Mechanics and Analysis},
	volume = {223},
	number = {1},
	pages = {95--139}
}

@article{GS2000,
	title = {Normal Heat Conductivity of the One-Dimensional Lattice with Periodic Potential of Nearest-Neighbor Interaction},
	author = {Gendel’man, O. V. and Savin, A. V.},
	year = {2000},
	journaltitle = {Physical Review Letters},
	volume = {84},
	pages = {2381--2384},
	issue = {13635554188065561624related:GNw8L0o4O70J}
}

@article{Spohn2014,
	title = {Nonlinear Fluctuating Hydrodynamics for Anharmonic Chains},
	author = {Spohn, H.},
	year = {2014},
	journaltitle = {J Stat Phys},
	volume = {154},
	number = {5},
	pages = {1191--1227},
}

@incollection{BBJ+2016,
	title = {Thermal {{Conductivity}} in {{Harmonic Lattices}} with {{Random Collisions}}},
	booktitle = {Thermal {{Transport}} in {{Low Dimensions}}},
	author = {Basile, G. and Bernardin, C. and Jara, M. and Komorowski, T. and Olla, S.},
	editor = {Lepri, S.},
	year = {2016},
	volume = {921},
	pages = {215--237},
	publisher = {Springer International Publishing}
}

@Incollection{BLR2000,
  author="F. Bonetto and J. L. Lebowitz and L. Rey-Bellet", 
  title ="Fourier's Law: {A} Challenge for Theorists", 
  booktitle ="Mathematical Physics 2000", 
  editor="A. Fokas and A. Grigoryan and T. Kibble and B. Zegarlinsky",
  publisher="Imperial College Press", 
  adress = "", 
  year="2000", 
  pages ="128-151",
}

@article{morriss1987,
  title={Application of transient correlation functions to shear flow far from equilibrium},
  author={Morriss, G. P. and Evans, D. J.},
  journal={Phys. Rev. A},
  volume={35},
  number={2},
  pages={792},
  year={1987},
  publisher={APS}
}

@book{evans2016,
  title={Fundamentals of classical statistical thermodynamics: dissipation, relaxation, and fluctuation theorems},
  author={Evans, D. J. and Searles, D. J. and Williams, S. R.},
  year={2016},
  publisher={John Wiley \& Sons}
}

@article{evans1988,
  title={Transient-time-correlation functions and the rheology of fluids},
  author={Evans, D. J. and Morriss, G. P.},
  journal={Phys. Rev. A},
  volume={38},
  number={8},
  pages={4142},
  year={1988},
  publisher={APS}
}

@book{Tuckerman2023,
  author = "M.~Tuckerman",
  year = "2010", 
  title = "Statistical Mechanics: Theory and Molecular Simulation", 
  publisher = "Oxford University Press",
}